@misc{introtomhd,
    author = {Wright, Adelle},
    title = {Introduction to Magnetohydrodynamics (MHD)},
    year = {2021},
    organization = {Princeton Plasma Physics Laboratory}
}

@article{dewar2017,
    author = {Dewar,R. L.  and Hudson,S. R.  and Bhattacharjee,A.  and Yoshida,Z. },
    title = {Multi-region relaxed magnetohydrodynamics in plasmas with slowly changing boundaries—Resonant response of a plasma slab},
    journal = {Physics of Plasmas},
    volume = {24},
    number = {4},
    pages = {042507},
    year = {2017},
    doi = {10.1063/1.4979350},

    URL = { 
                   https://doi.org/10.1063/1.4979350
                       
                   },
    eprint = { 
                      https://doi.org/10.1063/1.4979350
                          
                      }

}

@article{wangbhattacharjee,
author = {Wang,Xiaogang  and Bhattacharjee,A. },
title = {Forced reconnection and current sheet formation in Taylor’s model},
journal = {Physics of Fluids B: Plasma Physics},
volume = {4},
number = {7},
pages = {1795-1799},
year = {1992},
doi = {10.1063/1.860035},

URL = { 
        https://doi.org/10.1063/1.860035
    
},
eprint = { 
        https://doi.org/10.1063/1.860035
    
}

}

@INCOLLECTION{Aggarwal2023-hk,
  title     = "Sustainability of {CEO} and employee compensation divide:
               Evidence from {USA}",
  booktitle = "Intelligent Communication Technologies and Virtual Mobile
               Networks",
  author    = "Aggarwal, Vaibhav and Doifode, Adesh",
  publisher = "Springer Nature Singapore",
  pages     = "453--460",
  year      =  2023,
  address   = "Singapore"
}

@ARTICLE{hkt,
  title     = "Forced magnetic reconnection",
  author    = "Hahm, T S and Kulsrud, R M",
  abstract  = "By studying a simple model problem, the time evolution of
               magnetic field islands which are induced by perturbing the
               boundary surrounding an incompressible plasma with a resonant
               surface inside is examined. The reconnection and island
               formation process for sufficiently small boundary perturbations
               occurs on the tearing mode time scale defined by Furth, Killeen,
               and Rosenbluth [Phys. Fluids 6, 459 (1963)]. For larger
               perturbations the time scale is that defined by Rutherford
               [Phys. Fluids 16, 1903 (1973)]. The resulting asymptotic
               equilibrium is such that surface currents in the resonant region
               vanish. A detailed analytical picture of this reconnection
               process is presented.",
  journal   = "Phys. Fluids",
  publisher = "AIP Publishing",
  volume    =  28,
  number    =  8,
  pages     = "2412",
  year      =  1985
}

@ARTICLE{hahmkulsrud,
  title     = "Forced magnetic reconnection",
  author    = "Hahm, T S and Kulsrud, R M",
  abstract  = "By studying a simple model problem, the time evolution of
               magnetic field islands which are induced by perturbing the
               boundary surrounding an incompressible plasma with a resonant
               surface inside is examined. The reconnection and island
               formation process for sufficiently small boundary perturbations
               occurs on the tearing mode time scale defined by Furth, Killeen,
               and Rosenbluth [Phys. Fluids 6, 459 (1963)]. For larger
               perturbations the time scale is that defined by Rutherford
               [Phys. Fluids 16, 1903 (1973)]. The resulting asymptotic
               equilibrium is such that surface currents in the resonant region
               vanish. A detailed analytical picture of this reconnection
               process is presented.",
  journal   = "Phys. Fluids",
  publisher = "AIP Publishing",
  volume    =  28,
  number    =  8,
  pages     = "2412",
  year      =  1985
}

@book{griffiths,
   title =     {Introduction to Electrodynamics},
   author =    {David J. Griffiths},
   publisher = {Pearson Education},
   isbn =      {0321856562,9780321856562},
   year =      {2012},
   series =    {},
   edition =   {4th},
   volume =    {},
}

@book{benderorszag,
   title =     {Advanced Mathematical Methods for Scientists and Engineers},
   author =    {Carl M. Bender, Steven A. Orszag},
   publisher = {Mcgraw-Hill College},
   isbn =      {007004452X,9780070044524},
   year =      {1978},
   series =    {International Series in Pure and Applied Mathematics},
   edition =   {0},
   volume =    {},
}
